@misc{ucla,
  author = {Yanovsk, Igor},
  title = { QR Decomposition with Gram-Schmidt
},
  year = {October 12th, 2016},
  note={Online, accessed at http://www.math.ucla.edu/~yanovsky/Teaching/Math151B/handouts/GramSchmidt.pdf. Retrieved on October 12th, 2016}
}

 